<record><leader>00000cas a2200000 a 4500</leader><controlfield tag="001">19046254</controlfield><controlfield tag="008">890120d18uu187utnuwr ne      0    0eng d</controlfield><datafield ind1=" " ind2=" " tag="010"><subfield code="a">sn 89058088 </subfield></datafield><datafield ind1=" " ind2=" " tag="040"><subfield code="a">KNP</subfield><subfield code="b">eng</subfield><subfield code="c">KNP</subfield><subfield code="d">TGN</subfield><subfield code="d">OCL</subfield><subfield code="d">OCLCQ</subfield><subfield code="d">OCLCF</subfield><subfield code="d">OCLCO</subfield></datafield><datafield ind1="1" ind2=" " tag="029"><subfield code="a">AU@</subfield><subfield code="b">000020224310</subfield></datafield><datafield ind1=" " ind2=" " tag="042"><subfield code="a">msc</subfield></datafield><datafield ind1=" " ind2=" " tag="043"><subfield code="a">n-us-tn</subfield></datafield><datafield ind1="0" ind2=" " tag="130"><subfield code="a">Franklin review (Franklin, Tenn.)</subfield></datafield><datafield ind1="1" ind2="4" tag="245"><subfield code="a">The Franklin review.</subfield></datafield><datafield ind1="1" ind2="3" tag="246"><subfield code="a">Weekly review</subfield></datafield><datafield ind1=" " ind2=" " tag="260"><subfield code="a">Franklin, Tenn. :</subfield><subfield code="b">Haynes &amp; Figuers</subfield></datafield><datafield ind1=" " ind2=" " tag="300"><subfield code="a">v. :</subfield><subfield code="b">ill.</subfield></datafield><datafield ind1=" " ind2=" " tag="310"><subfield code="a">Weekly</subfield></datafield><datafield ind1=" " ind2=" " tag="500"><subfield code="a">Publishers: Thomas E. Haynes &amp; Hardin P. Figuers, &lt;1870&gt;; H.P. Figuers, W.M. Allison &amp; W.M. House, &lt;1871&gt;</subfield></datafield><datafield ind1=" " ind2=" " tag="580"><subfield code="a">Merged with: Williamson journal, to form: Review and journal.</subfield></datafield><datafield ind1=" " ind2=" " tag="588"><subfield code="a">Description based on: Vol. 37, no. 14 (Feb. 25, 1870).</subfield></datafield><datafield ind1=" " ind2="0" tag="651"><subfield code="a">Franklin (Tenn.)</subfield><subfield code="v">Newspapers.</subfield></datafield><datafield ind1=" " ind2="0" tag="651"><subfield code="a">Williamson County (Tenn.)</subfield><subfield code="v">Newspapers.</subfield></datafield><datafield ind1=" " ind2="7" tag="655"><subfield code="a">Newspapers.</subfield><subfield code="2">fast</subfield><subfield code="0">(OCoLC)fst01423814</subfield></datafield><datafield ind1=" " ind2="7" tag="651"><subfield code="a">Tennessee</subfield><subfield code="z">Franklin.</subfield><subfield code="2">fast</subfield><subfield code="0">(OCoLC)fst01208691</subfield></datafield><datafield ind1=" " ind2="7" tag="651"><subfield code="a">Tennessee</subfield><subfield code="z">Williamson County.</subfield><subfield code="2">fast</subfield><subfield code="0">(OCoLC)fst01207678</subfield></datafield><datafield ind1=" " ind2=" " tag="752"><subfield code="a">United States</subfield><subfield code="b">Tennessee</subfield><subfield code="c">Williamson</subfield><subfield code="d">Franklin.</subfield></datafield><datafield ind1="0" ind2="0" tag="780"><subfield code="t">Weekly review (Franklin, Tenn. : 1865)</subfield><subfield code="w">(DLC)sn 89058087</subfield></datafield><datafield ind1="1" ind2="7" tag="785"><subfield code="t">Williamson journal</subfield><subfield code="w">(DLC)sn 89058090</subfield></datafield><datafield ind1="1" ind2="7" tag="785"><subfield code="t">Review and journal</subfield><subfield code="w">(DLC)sn 85033398</subfield></datafield></record>